%%%%%%%%%%%%%%%%%%%%%%%%%%%%%%%%%%%%%%%%%%%%%%%%%%%%%%%%%%%%%%%%%%%%%%%%%%%%%%%%
%%%%%%%%%%%%%%%%%%%% INSERINDO COMENTÁRIOS EM ARQUIVOS .bib %%%%%%%%%%%%%%%%%%%%
%%%%%%%%%%%%%%%%%%%%%%%%%%%%%%%%%%%%%%%%%%%%%%%%%%%%%%%%%%%%%%%%%%%%%%%%%%%%%%%%
%
% 1. Como em outros arquivos LaTeX, comentários são iniciados por "%" e,
%    portanto, é preciso usar "\%" para imprimir o caractere "%". Esquecer
%    disso pode gerar erros difíceis de encontrar!
%
% 2. Não é possível inserir comentários dentro de uma entrada, apenas fora.
%
% 3. Não é possível incluir o caractere arroba em um comentário.
%
% 4. Se quiser desabilitar temporariamente um campo ("comentar" o campo),
%    troque seu nome para algum nome inválido, como "author-disable".
%    Se quiser fazer alguma observação permanente dentro de uma entrada,
%    você também pode usar algum nome de campo inválido, como "lembrete",
%    ou usar o campo "annotation", que normalmente é ignorado.
%
% 5. Se quiser desabilitar temporariamente uma entrada inteira ("comentar" a
%    entrada), não basta colocar "%" nas linhas correspondentes por causa do
%    caractere arroba; também é preciso remover a arroba.
%
% 6. Na verdade, as regras não são bem essas, mas segui-las é uma boa ideia:
%    https://tex.stackexchange.com/a/262282
%
% Por exemplo, esta entrada está comentada, ou seja, não tem efeito: se
% houvesse uma referência a ela no texto, a referência ficaria inválida.
% Observe que, para isso, o caractere arroba foi apagado!
%
%Book{JW82,
% author    = {Richard A. Johnson and Dean W. Wichern},
% title     = {Applied Multivariate Statistical Analysis},
% publisher = {Prentice-Hall},
% year      = {1983}
%}


%%%%%%%%%%%%%%%%%%%%%%%%%%%%%%%%%%%%%%%%%%%%%%%%%%%%%%%%%%%%%%%%%%%%%%%%%%%%%%%%
%%%%%%%%%%%%%%%%%%%%%%%%%%%%%%% O CAMPO "MONTH" %%%%%%%%%%%%%%%%%%%%%%%%%%%%%%%%
%%%%%%%%%%%%%%%%%%%%%%%%%%%%%%%%%%%%%%%%%%%%%%%%%%%%%%%%%%%%%%%%%%%%%%%%%%%%%%%%
%
% biblatex prefere o uso do campo "date" para definir ano, mês etc. No
% entanto, se você quiser garantir compatibilidade tanto com biblatex
% quanto com bibtex, use os campos "year" e "month". Ambos reconhecem
% diversos formatos para o campo "month", mas apenas um funciona
% corretamente com os dois: o nome do mês em inglês, abreviado com três
% letras minúsculas e sem chaves, ou seja:
%
% ...
% author = {Somebody},
% year = {2011},
% month = oct,
% title = {Some title},
% ...


%%%%%%%%%%%%%%%%%%%%%%%%%%%%%%%%%%%%%%%%%%%%%%%%%%%%%%%%%%%%%%%%%%%%%%%%%%%%%%%%

% Esta entrada não está em uso em tese.tex, apenas em
% apresentacao.tex, mas isso não é um problema: você pode
% ter um banco de dados com todos os papers que são de seu
% interesse e, em um dado texto, citar apenas alguns deles.

%%%%%%%%%%%%%%%%%%%%%%%%%%%%%%%%% ARTICLES %%%%%%%%%%%%%%%%%%%%%%%%%%%%%%%%%%%%%

@article{araujo2021uso,
  title={O uso de simuladores virtuais educacionais e as possibilidades do PhET para a aprendizagem de Física no Ensino Fundamental},
  author={Evando Santos Araújo and João Lucas Barbosa do Nascimento and Jucilene Carvalho Silva and Caiala Fonseca Andrade Bim},
  journal={Revista de Ensino de Ciências e Matemática},
  volume={12},
  number={3},
  pages={1--25},
  year={2021}
}

@article{bangor2008empirical,
  title={An empirical evaluation of the system usability scale},
  author={Aaron Bangor and Philip T. Kortum and James T. Miller},
  journal={Intl. Journal of Human--Computer Interaction},
  volume={24},
  number={6},
  pages={574--594},
  year={2008},
  publisher={Taylor \& Francis}
}

@article{bangor2009determining,
  title={Determining what individual SUS scores mean: Adding an adjective rating scale},
  author={Aaron Bangor and Philip T. Kortum and James T. Miller},
  journal={Journal of usability studies},
  volume={4},
  number={3},
  pages={114--123},
  year={2009},
  publisher={Usability Professionals' Association Bloomingdale, IL}
}

@article{bordini2016computaccao,
  title={Computação na educação básica no brasil: o estado da arte},
  author={Adriana Bordini and Christiano Martino Otero Avila and Yuri Weisshahn and Mônica Marques da Cunha and Simone André da Costa Cavalheiro and Luciana Foss and Marilton Sanchotene Aguiar and Renata Hax Sander Reiser},
  journal={Revista de Informática Teórica e Aplicada},
  volume={23},
  number={2},
  pages={210--238},
  year={2016}
}

@article{brooke1996sus,
  title={SUS-A quick and dirty usability scale},
  author={John Brooke and others},
  journal={Usability evaluation in industry},
  volume={189},
  number={194},
  pages={4--7},
  year={1996},
  publisher={London, England}
}

@article{caldwell2008web,
  title={Web content accessibility guidelines (WCAG) 2.0},
  author={Ben Caldwell and Michael Cooper and Loretta Guarino Reid and Gregg Vanderheiden and Wendy Chisholm and John Slatin and Jason White},
  journal={WWW Consortium (W3C)},
  volume={290},
  number={1-34},
  pages={5--12},
  year={2008}
}

@article{cravo2021avaliaccao,
  title={Avaliação de simulações interativas em Ciências da plataforma on-line “PHET” por meio de parâmetros de avaliação e de oficinas com futuros docentes},
  author={Andreia Regina Cravo and Karina Dias Espartosa},
  journal={Revista de Ensino de Biologia da SBEnBio},
  pages={658--679},
  year={2021}
}

@article{dexheimer2017usability,
  title={Usability evaluation of the SMART application for youth with mTBI},
  author={Judith W. Dexheimer and Brad G.Kurowski and Shilo H. Anders and Nicole McClanahan and Shari L. Wade and Lynn Babcock},
  journal={International journal of medical informatics},
  volume={97},
  pages={163--170},
  year={2017},
  publisher={Elsevier}
}

@article{fernandes2012animacoes,
  title={Animações e simulações para apoio ao ensino da lógica de programação},
  author={Andrino Fernandes and Anna Luiza Espíndola and Marina Pinheiro Oliveira},
  journal={Revista Técnico-Científica do IFSC},
  pages={266--266},
  year={2012}
}

@article{hevner2004design,
  title={Design science in information systems research},
  author={Alan R. Hevner and Salvatore T. March and Jinsoo Park and Sudha Ram},
  journal={MIS quarterly},
  pages={75--105},
  year={2004},
  publisher={JSTOR}
}

@article{khouri2020mapeamento,
  title={Mapeamento sistem{\'a}tico em metodologias de ensino-aprendizagem de programação},
  author={Cátia Mesquita Brasil Khouri and Gidevaldo Novais dos Santos and Maria Silva Santos Barbosa},
  journal={Revista de Ciência da Computação},
  volume={2},
  number={1},
  pages={13--27},
  year={2020}
}

@article{klinczak2024estudo,
  title={ESTUDO COMPARATIVO DE KITS DE ROBÓTICA VOLTADOS AO ENSINO DE PENSAMENTO COMPUTACIONAL},
  author={Marjori Klinczak and Jose Simao de Paula Pinto},
  journal={Anais CIET: Horizonte},
  year={2024}
}

@article{demedeiros2019ensino,
  title={Ensino de programação em robótica com Arduino para alunos do ensino fundamental: relato de experiência},
  author={Luciano Frontino de Medeiros and Luana Priscila Wünsch},
  journal={Revista Espaço Pedagógico},
  volume={26},
  number={2},
  pages={456--480},
  year={2019}
}

@article{runeson2020design,
  title={The design science paradigm as a frame for empirical software engineering},
  author={Per Runeson and Emelie Engström and Margaret-Anne Storey},
  journal={Contemporary empirical methods in software engineering},
  pages={127--147},
  year={2020},
  publisher={Springer}
}

@article{sanchez2020usability,
  title={Usability evaluation of a tangible user interface and serious game for identification of cognitive deficiencies in preschool children},
  author={A. Sánchez-Morales and J. A. Durand-Rivera and C. L. Martínez-González},
  journal={International Journal of Advanced Computer Science and Applications},
  volume={11},
  number={6},
  year={2020},
  publisher={Science and Information (SAI) Organization Limited}
}

@article{santos2020revisao,
  title={Revisão acerca do tema Simulações Computacionais no ensino de Química (2008--2017)},
  author={Elisângela Oliveira Santos and Ivanderson Pereira da Silva},
  journal={Debates em Educação},
  volume={12},
  number={27},
  pages={841--855},
  year={2020}
}

@article{desouza2021ensino,
  title={O ensino de programação na Educação Básica: uma revisão da literatura},
  author={Franciely Alves de Souza and Taciana Pontual Falcão and Rafael Ferreira Mello},
  journal={Anais do XXXII Simpósio Brasileiro de Informática na Educação},
  pages={1265--1275},
  year={2021},
  publisher={SBC}
}

@article{price2018and,
  title={How and why do high school teachers use PhET interactive simulations},
  author={Argenta M. Price and Katherine K. Perkins and N. G. Holmes and Carl E. Wieman},
  journal={Learning},
  volume={33},
  pages={37},
  year={2018}
}

@article{ramos2020ensino,
  title={O ensino de ciências com o uso da ferramenta digital simulador phet por meio da estratégia investigativa nos anos finais do ensino fundamental II},
  author={Marcos Coelho Ramos and Kitawann Tayrone de Sousa Nunes Cardoso and Maria do Carmo Silva Carvalho},
  journal={Anais CIET: Horizonte},
  year={2020}
}

@article{wing2006computational,
  title={Computational thinking},
  author={Jeannette M. Wing},
  journal={Communications of the ACM},
  volume={49},
  number={3},
  pages={33--35},
  year={2006},
  publisher={ACM New York, NY, USA}
}

@article{wronska2015ipad,
  title={An iPad-based tool for improving the skills of children with attention deficit disorder},
  author={Natalia Wrońska and Begonya Garcia-Zapirain and Amaia Mendez-Zorrilla},
  journal={International journal of environmental research and public health},
  volume={12},
  number={6},
  pages={6261--6280},
  year={2015},
  publisher={MDPI}
}

@article{zhu2023core,
  title={Core competencies of K-12 computer science education from the perspectives of college faculties and K-12 teachers.},
  author={Meina Zhu and Cheng Wang},
  journal={International Journal of Computer Science Education in Schools},
  volume={6},
  number={2},
  pages={n2},
  year={2023},
  publisher={ERIC}
}

%%%%%%%%%%%%%%%%%%%%%%%%%% CONFERENCE PROCEEDINGS %%%%%%%%%%%%%%%%%%%%%%%%%%%%%%

@inproceedings{blatt2017mapeamento,
  title={Mapeamento Sistemático sobre Metodologias e Ferramentas de apoio para o Ensino de Programação},
  author={Lucas Blatt and Valdecir Becker and Alexandre Ferreira},
  booktitle={Workshop de Informática na Escola (WIE)},
  pages={815--824},
  year={2017},
  organization={SBC}
}

@inproceedings{brezolin2021panorama,
  title={Panorama brasileiro de uso de ferramentas para desenvolvimento do pensamento computacional e ensino de programação},
  author={Carmen Vera Scorsatto Brezolin and Milene Selbach Silveira},
  booktitle={Workshop sobre Educação em Computação (WEI)},
  pages={398--407},
  year={2021},
  organization={SBC}
}

@inproceedings{falkner2019international,
  title={An international benchmark study of k-12 computer science education in schools},
  author={Katrina Falkner and Sue Sentance and Rebecca Vivian and Sarah Barksdale and Leonard Busuttil and Elizabeth Cole and Christine Liebe and Francesco Maiorana and Monica M. McGill and Keith Quille},
  booktitle={Proceedings of the 2019 ACM Conference on Innovation and Technology in Computer Science Education},
  pages={257--258},
  year={2019}
}

@inproceedings{defranca2013ensino,
  title={Ensino de computação na educação básica no brasil: Um mapeamento sistemático},
  author={Rozelma Soares de França and Haroldo José Costa do Amaral},
  booktitle={Anais do XXI Workshop sobre Educação em Computação},
  pages={426--431},
  year={2013},
  organization={SBC}
}

@inproceedings{gomes2017ensino,
  title={Ensino de programação para crianças e adolescentes: um estudo exploratório},
  author={Vitor Gomes and Renata Pontes and Carlos Camelo and Gilvonaldo Cavalcanti and Mirko Perkusich},
  booktitle={Anais dos Workshops do Congresso Brasileiro de Informática na Educação},
  volume={6},
  number={1},
  pages={490},
  year={2017}
}

@incollection{hubwieser2015global,
  title={A global snapshot of computer science education in K-12 schools},
  author={Peter Hubwieser and Michail N. Giannakos and Marc Berges and Torsten Brinda and Ira Diethelm and Johannes Magenheim and Yogendra Pal and Jana Jackova and Egle Jasute},
  booktitle={Proceedings of the 2015 ITiCSE on working group reports},
  pages={65--83},
  publisher={ACM Digital Library},
  year={2015}
}

@inproceedings{khatri2013over,
  title={Over one hundred million simulations delivered: A case study of the PhET interactive simulations},
  author={Raina Khatri and Charles Henderson and Renee Cole and Jeffrey Froyd},
  booktitle={Physics Education Research Conference},
  pages={205--208},
  year={2013},
  organization={Citeseer}
}

@inproceedings{putnam2020adaptation,
  title={Adaptation of the system usability scale for user testing with children},
  author={Cynthia Putnam and Melisa Puthenmadom and Marjorie Ann Cuerdo and Wanshu Wang and Nathaniel Paul},
  booktitle={Extended abstracts of the 2020 CHI conference on human factors in computing systems},
  pages={1--7},
  year={2020}
}

@inproceedings{santos2018mapping,
  title={A mapping study of computational thinking and programming in brazilian k-12 education},
  author={Priscila S. C. Santos and Luis Gustavo J. Araujo and Roberto A. Bittencourt},
  booktitle={2018 IEEE Frontiers in Education Conference (FIE)},
  pages={1--8},
  year={2018},
  organization={IEEE}
}

@inproceedings{dossantos2021ensinar,
  title={Como Ensinar Ciência da Computação para Crianças? Tendências e Lacunas de Pesquisa na Área},
  author={Aline de S. M. dos Santos and Wellington G. Pereira and Rozelma Soares de França},
  booktitle={Anais do XXIX Workshop sobre Educação em Computação},
  pages={298--307},
  year={2021},
  organization={SBC}
}

@inproceedings{tasfia2023evaluating,
  title={Evaluating usability of AR-based learning applications for children using SUS and heuristic evaluation},
  author={Sheikh Tasfia and Muhammad Nazrul Islam and Syeda Ajbina Nusrat and Nusrat Jahan},
  booktitle={Proceedings of the Fourth International Conference on Trends in Computational and Cognitive Engineering: TCCE 2022},
  pages={87--98},
  year={2023},
  organization={Springer}
}

@inproceedings{werlich2018pensamento,
  title={Pensamento Computacional no Ensino Fundamental: um mapeamento sistemático},
  author={Claudia Werlich and Avanilde Kemczinski and Isabela Gasparini},
  booktitle={XXIII Congreso Internacional de Inform{\'a}tica Educativa},
  pages={375--384},
  year={2018},
  organization={Nuevas Ideas en Informática Educativa (TISE) Chile}
}

%%%%%%%%%%%%%%%%%%%%%%%%%%%% TECHNICAL REPORT %%%%%%%%%%%%%%%%%%%%%%%%%%%%%%%%%%

@techreport{ribeiro2019diretrizes,
  author={Leila Ribeiro and Alberto Nogueira de Castro Junior and Antônio Augusto Fröhlich and Carlos Andre Guimaraes Ferraz and Carlos Eduardo Ferreira and Dalton Serey and Daniel de Angelis Cordeiro and José Aires de Castro Filho and Nara Bigolin and Simone Cavalheiro},
  title={Diretrizes da sociedade brasileira de computação para o ensino de computação na educação básica},
  institution={},
  year={2019}
}

@manual{brasil2021normas,
    author={BRASIL},
    organization={Ministério da Educação. Conselho Nacional de Educação.},
    title={Normas sobre Computação na Educação Básica - Complemento à BNCC.},
    number={Parecer Normativo, n. 23001.001050/2019-18},
    address={Brasília, DF},
    year={2021},
    month=apr,
    pagetotal=49
}

%%%%%%%%%%%%%%%%%%%%%%%%%%%%%%%%%% BOOKS %%%%%%%%%%%%%%%%%%%%%%%%%%%%%%%%%%%%%%%

@book{dresch2015design,
  title={Design science research},
  author={Aline Dresch and Daniel Pacheco Lacerda and José Antônio Valle Antunes Jr},
  year={2015},
  publisher={Springer}
}

@book{wieringa2014design,
  title={Design science methodology for information systems and software engineering},
  author={Roel J. Wieringa},
  year={2014},
  publisher={Springer}
}

%%%%%%%%%%%%%%%%%%%%%%%%%%%%%%%%%%% MISC %%%%%%%%%%%%%%%%%%%%%%%%%%%%%%%%%%%%%%%

@misc{appinventor2024,
  title={MIT App Inventor},
  howpublished={URL: \url{https://appinventor.mit.edu/}},
  year={2024},
  note={acesso em 14/12/2024}
}

@misc{blocklygames2024,
  title={Blockly Games},
  howpublished={URL: \url{https://blockly.games/}},
  year={2024},
  note={acesso em 14/12/2024}
}

@misc{codecombat2024,
  title={CodeCombat},
  howpublished={URL: \url{https://codecombat.com/home}},
  year={2024},
  note={acesso em 14/12/2024}
}

@misc{droneblocks2024,
  title={Drone Blocks},
  howpublished={URL: \url{https://droneblocks.io/}},
  year={2024},
  note={acesso em 14/12/2024}
}

@misc{legomindstorms2024,
  title={Lego Mindstorms},
  howpublished={URL: \url{https://kids.lego.com/pt-br/sets/mindstorms/ev3-0729302d5ae04b5d88a30c2dd6d7afba}},
  year={2024},
  note={acesso em 14/12/2024}
}

@misc{scratch2024,
  title={Scratch - MIT},
  howpublished={URL: \url{https://scratch.mit.edu/}},
  year={2024},
  note={acesso em 14/12/2024}
}

%%%%%%%%%%%%%%%%%%%%%%%%%%%%%%%% PHD THESIS %%%%%%%%%%%%%%%%%%%%%%%%%%%%%%%%%%%%

@phdthesis{brackmann2017desenvolvimento,
  author={Christian Puhlmann Brackmann},
  title={Desenvolvimento do pensamento computacional através de atividades desplugadas na educação básica},
  school={Universidade Federal do Rio Grande do Sul},
  year={2017}
}